<?xml version="1.0" encoding="UTF-8"?>
<record xmlns="http://www.loc.gov/MARC21/slim" xmlns:xsi="http://www.w3.org/2001/XMLSchema-instance" xsi:schemaLocation="http://www.loc.gov/MARC21/slim http://www.loc.gov/standards/marcxml/schema/MARC21slim.xsd">
<leader>00000cam a22      i 4500</leader>
<controlfield tag="001">001678268</controlfield>
<controlfield tag="003">NNU</controlfield>
<controlfield tag="005">20151014170219.0</controlfield>
<controlfield tag="008">900910s1962    sy ac        f000 0 ara c</controlfield>
<datafield tag="010" ind1=" " ind2=" ">
<subfield code="a">ne 66001363</subfield>
</datafield>
<datafield tag="035" ind1=" " ind2=" ">
<subfield code="a">(OCoLC)22350588</subfield>
</datafield>
<datafield tag="040" ind1=" " ind2=" ">
<subfield code="a">Princeton Univ. Libr.</subfield>
<subfield code="b">eng</subfield>
<subfield code="c">WAU</subfield>
<subfield code="d">DLC</subfield>
<subfield code="d">OSU</subfield>
<subfield code="d">IUL</subfield>
<subfield code="d">OSU</subfield>
<subfield code="d">ORZ</subfield>
<subfield code="d">OCLCF</subfield>
<subfield code="d">OCLCQ</subfield>
<subfield code="d">OCL</subfield>
</datafield>
<datafield tag="042" ind1=" " ind2=" ">
<subfield code="a">premarc</subfield>
</datafield>
<datafield tag="043" ind1=" " ind2=" ">
<subfield code="a">a-sy---</subfield>
<subfield code="a">e-fr---</subfield>
</datafield>
<datafield tag="050" ind1="0" ind2="0">
<subfield code="a">DS98</subfield>
<subfield code="b">.S85</subfield>
</datafield>
<datafield tag="050" ind1=" " ind2="4">
<subfield code="a">DS98</subfield>
<subfield code="b">.A4</subfield>
</datafield>
<datafield tag="110" ind1="1" ind2=" ">
<subfield code="6">880-01</subfield>
<subfield code="a">Syria.</subfield>
<subfield code="b">Wizārat al-Thaqāfah wa-al-Irshād al-Qawmī.</subfield>
</datafield>
<datafield tag="245" ind1="1" ind2="0">
<subfield code="6">880-02</subfield>
<subfield code="a">Qiṣṣat al-jalāʼ ʻan Sūrīyah.</subfield>
</datafield>
<datafield tag="260" ind1=" " ind2=" ">
<subfield code="6">880-03</subfield>
<subfield code="a">[Dimashq] :</subfield>
<subfield code="b">Wizārat al-Thaqāfah wa-al-Irshad al-Qawmī,</subfield>
<subfield code="c">1962.</subfield>
</datafield>
<datafield tag="300" ind1=" " ind2=" ">
<subfield code="a">159 pages :</subfield>
<subfield code="b">illustrations, portraits ;</subfield>
<subfield code="c">19 cm</subfield>
</datafield>
<datafield tag="336" ind1=" " ind2=" ">
<subfield code="a">text</subfield>
<subfield code="b">txt</subfield>
<subfield code="2">rdacontent</subfield>
</datafield>
<datafield tag="337" ind1=" " ind2=" ">
<subfield code="a">unmediated</subfield>
<subfield code="b">n</subfield>
<subfield code="2">rdamedia</subfield>
</datafield>
<datafield tag="338" ind1=" " ind2=" ">
<subfield code="a">volume</subfield>
<subfield code="b">nc</subfield>
<subfield code="2">rdacarrier</subfield>
</datafield>
<datafield tag="500" ind1=" " ind2=" ">
<subfield code="6">880-04</subfield>
<subfield code="a">At head of title: Min maʻarik al-taḥarrur al-ʻArabī.</subfield>
</datafield>
<datafield tag="530" ind1=" " ind2=" ">
<subfield code="a">Also issued online.</subfield>
</datafield>
<datafield tag="651" ind1=" " ind2="0">
<subfield code="a">Syria</subfield>
<subfield code="x">History.</subfield>
</datafield>
<datafield tag="651" ind1=" " ind2="0">
<subfield code="a">Syria</subfield>
<subfield code="x">Foreign relations</subfield>
<subfield code="z">France.</subfield>
</datafield>
<datafield tag="651" ind1=" " ind2="0">
<subfield code="a">France</subfield>
<subfield code="x">Foreign relations</subfield>
<subfield code="z">Syria.</subfield>
</datafield>
<datafield tag="650" ind1=" " ind2="7">
<subfield code="a">Diplomatic relations.</subfield>
<subfield code="2">fast</subfield>
<subfield code="0">(OCoLC)fst01907412.</subfield>
</datafield>
<datafield tag="651" ind1=" " ind2="7">
<subfield code="a">France.</subfield>
<subfield code="2">fast</subfield>
<subfield code="0">(OCoLC)fst01204289.</subfield>
</datafield>
<datafield tag="651" ind1=" " ind2="7">
<subfield code="a">Syria.</subfield>
<subfield code="2">fast</subfield>
<subfield code="0">(OCoLC)fst01208757.</subfield>
</datafield>
<datafield tag="655" ind1=" " ind2="7">
<subfield code="a">History.</subfield>
<subfield code="2">fast</subfield>
<subfield code="0">(OCoLC)fst01411628.</subfield>
</datafield>
<datafield tag="776" ind1="0" ind2="8">
<subfield code="i">Online version:</subfield>
<subfield code="a">Syria. Wizārat al-Thaqāfah wa-al-Irshād al-Qawmī.</subfield>
<subfield code="t">Qiṣṣat al-jalāʼ ʻan Sūrīyah.</subfield>
<subfield code="d">[Dimashq] : Wizārat al-Thaqāfah wa-al-Irshad al-Qawmī, 1962</subfield>
<subfield code="w">(OCoLC)581476996</subfield>
</datafield>
<datafield tag="880" ind1="1" ind2=" ">
<subfield code="6">110-01/</subfield>
<subfield code="a">سورية.</subfield>
<subfield code="b">وزارة الثقافة والارشاد القومي.</subfield>
</datafield>
<datafield tag="880" ind1="1" ind2="0">
<subfield code="6">245-02/</subfield>
<subfield code="a">قصة الجلاء عن سورية.</subfield>
</datafield>
<datafield tag="880" ind1=" " ind2=" ">
<subfield code="6">260-03/</subfield>
<subfield code="a">[دمشق] :</subfield>
<subfield code="b">وزارة الثقافة والارشاد القومي،</subfield>
<subfield code="c">1962.</subfield>
</datafield>
<datafield tag="880" ind1=" " ind2=" ">
<subfield code="6">500-04/</subfield>
<subfield code="a">At head of title: من معارك التحرر العربي.</subfield>
</datafield>
<datafield tag="OWN" ind1=" " ind2=" ">
<subfield code="a">GENERAL</subfield>
</datafield>
<datafield tag="AVA" ind1=" " ind2=" ">
<subfield code="a">NYU50</subfield>
<subfield code="b">BOBST</subfield>
<subfield code="c">Main Collection</subfield>
<subfield code="d">DS98 .S9</subfield>
<subfield code="e">unavailable</subfield>
<subfield code="t">Unavailable</subfield>
<subfield code="f">1</subfield>
<subfield code="g">1</subfield>
<subfield code="h">N</subfield>
<subfield code="i">0</subfield>
<subfield code="j">MAIN</subfield>
<subfield code="k">0</subfield>
</datafield>
</record>
